@article{Kristiawan2021,
  author    = {Ruben Bayu Kristiawan and Fitrian Imaduddin and Dody Ariawan and Ubaidillah and Zainal Arifin},
  title     = {A review on the fused deposition modeling (FDM) 3D printing: Filament processing, materials, and printing parameters},
  journal   = {Heliyon},
  volume    = {7},
  number    = {4},
  pages     = {e06750},
  year      = {2021},
  publisher = {Elsevier},
  doi       = {10.1016/j.heliyon.2021.e06750},
  note      = {Accessed 15 October 2025},
  url       = {https://doi.org/10.1016/j.heliyon.2021.e06750}
}

@misc{SupportPathing2024,
  author    = {{Anonymous}},
  title     = {Support, Raft, Brim and Skirt Pathing},
  year      = {2024},
  howpublished = {Preprint on ResearchGate},
  url       = {https://www.researchgate.net/publication/377717236_Support_raft_brim_and_skirt_pathing},
  note      = {Accessed 15 October 2025}
}

@online{Facfox2023,
  author    = {{Facfox}},
  title     = {3D Printing Brim: When Should You Use It?},
  year      = {2023},
  month     = jun,
  url       = {https://facfox.com/docs/kb/3d-printing-brim-when-should-you-use-it},
  note      = {Accessed 15 October 2025}
}

@online{JLC3DP2023,
  author    = {{JLC3DP}},
  title     = {3D Printing Brims, Skirts, and Rafts: How to Use Them},
  year      = {2023},
  month     = jul,
  url       = {https://jlc3dp.com/blog/3d-printing-brims-skirts-and-rafts-how-to-use-them},
  note      = {Accessed 15 October 2025}
}

@article{FDMReview2021,
  author    = {Agarwala, Mukesh Kumar and Jamison, Roger D. and Marcus, Harvey L. and et al.},
  title     = {Fused filament fabrication: A comprehensive review},
  journal   = {Journal of Composite Materials},
  year      = {2021},
  volume    = {55},
  number    = {9},
  pages     = {1359--1389},
  publisher = {SAGE Publications},
  doi       = {10.1177/0892705720970629},
  url       = {https://journals.sagepub.com/doi/10.1177/0892705720970629},
  note      = {Accessed 15 October 2025}
}

@article{FFFPolymerReview,
  author    = {Dey, Arijit and Yodo, Tetsuya},
  title     = {A Systematic Survey of Fused Filament Fabrication: Process Parameters, Materials, and Characterization},
  journal   = {Additive Manufacturing},
  volume    = {34},
  year      = {2020},
  pages     = {101285},
  publisher = {Elsevier},
  doi       = {10.1016/j.addma.2020.101285},
  url       = {https://www.sciencedirect.com/science/article/pii/S2214860420310307},
  note      = {Accessed 15 October 2025}
}